@article{investigate,
	author="А. О. Исупов",
	title="Актуальные киберугрозы: IV квартал 2022 года [Электронный ресурс]",
	journal="Россия, Positive Technologies Researches",
	year=2022,
	language="russian",
	note="URL: \url{https://www.ptsecurity.com/ru-ru/research/analytics/cybersecurity-threatscape-2022-q1/}"
}

@article{second,
	author="А. В. Лукацкий",
	title="Обнаружение сетевых атак",
	journal="Россия, СПб, БХВ-Петербург",
	year=2016,
	language="russian",
}

@article{third,
	author="В. Ф. Шаньгин",
	title="Информационная безопасность компьютерных систем и сетей",
	journal="Россия, Москва, ИНФРА-М",
	year=2018,
	language="russian",
}


@article{fourth,
	author="F. Seredinski",
	title="Anomaly detection in TCP/IP networks using immune systems paradigm",
	journal="Poland, Warsaw, Computer Communications",
	year=2010,
	language="english",
}

@article{fifth,
	author="S. A. Hofmeyr",
	title="Architecture for an Artificial Immune System",
	journal="Journal of Evolutionary Computation",
	year=2010,
	language="english",
}

@article{six,
	author="W. H. Chen",
	title="Application of SVM and ANN for intrusion detection",
	journal="Computers and Operations Research",
	year=2011,
	language="english",
}

@article{seventh,
	author="L. Vaitsekhovich",
	title="Intrusion Detection in TCP/IP Networks Using Immune Systems Paradigm and Neural Network Detectors",
	journal="XI International PhD Workshop OWD",
	year=2019,
	language="english",
}


@article{eight,
	author="M. Komar",
	title="Development of Neural Network Immune Detectors for Computer Attacks Recognition and Classification",
	journal="IEEE 7th Intern. Conf. on Intelligent Data Acquisition and Advanced Computing Systems",
	year=2013,
	language="english",
}


@article{nine,
	author="И. В. Котенко",
	title="Использование многоагентных технологий для комплексной защиты информации в компьютерных сетях",
	journal="Россия, Томск, Известия ТРТУ",
	year=2001,
	language="russian",
}


@article{ten,
	author="А. В. Уланов",
	title="Проактивные механизмы защиты от сетевых червей: подход, реализация и результаты экспериментов",
	journal="Россия, Омск, Информационные технологии ОГУ",
	year=2014,
	language="russian",
}

@article{eleven,
	author="M. Govindarajan",
	title="Intrusion Detection Using an Ensemble of Classification Methods",
	journal="Proc. of the World Congress on Engineering and Computer Science",
	year=2012,
	language="english",
}

@article{twelve,
	author="A. Abraham",
	title="Distributed intrusion detection systems: a computational intelligence approach",
	journal="Applications of Information Systems to Homeland Security and Defense",
	year=2015,
	language="english",
}

@article{thirteen,
	author="S. T. Powers",
	title="Hybrid Artificial Immune System and Self Organising Map for Network Intrusion Detection",
	journal="Information Sciences",
	year=2018,
	language="english",
}

@article{fourteen,
	author="S. D. Sharma",
	title="Improved Algorithm for Intrusion Detection Using Genetic Algorithm and SNORT",
	journal="International Journal of Emerging Technology and Advanced Engineering",
	year=2014,
	language="english",
}

@article{fifthteen,
	author="J. Cannady",
	title="The Application of Artificial Neural Networks to Misuse Detection: Initial Results",
	journal="Proceedings of the 1st International Workshop on Recent Advances in Intrusion Detection",
	year=2008,
	language="english",
}

